@techreport{md4,
  title={MD4 message digest algorithm},
  author={Rivest, Ronald L},
  year={1990}
}

@techreport{md5,
  title={The MD5 message-digest algorithm},
  author={Rivest, Ronald},
  year={1992}
}


